
@inproceedings{merkle,
  title={Protocols for public key cryptosystems},
  author={Merkle, R.C},
  booktitle={Proc. 1980 Symposium on Security and Privacy, IEEE Computer Society},
  pages={122--133},
  year={1980},
  organization={IEEE Computer Society}
}


@inproceedings{bitcoin,
  title={Bitcoin: A Peer-to-Peer Electronic Cash System},
  author={S. Nakamoto},
  year={2008}
}